
                </collection>]]>
            </content>
            <!--optional-->
            <additionalAttributes>
                <dateEntered>12-12-2-2010</dateEntered>
                <dateLastUpdated>12-11-2011</dateLastUpdated>
                <fastAddFlag>true</fastAddFlag>
                <supressFromPublic>false</supressFromPublic>
            </additionalAttributes>
            <linkedIngestDocuments>
                <linkedIngestDocument id="2" category="work" type="instance" format="oleml">
                    <content><![CDATA[
<instanceCollection xmlns:i="http://ole.kuali.org/standards/ole-instance">
  <instance>
    <instanceIdentifier>100000</instanceIdentifier>
    <resourceIdentifier/>
    <formerResourceIdentifiers source="Sirsi">(Sirsi) a100000</formerResourceIdentifiers>
    <holdings>
         <holdingsIdentifier/>
         <formerIdentifiers>
             <identifier>100000-2</identifier>
             <identifierType>IUHoldings</identifierType>
         </formerIdentifiers>
         <recordType>y</recordType>
         <encodingLevel>u</encodingLevel>
         <receiptStatus>2</receiptStatus>
         <acquisitionMethod>c</acquisitionMethod>
         <expectedAcquisitionEndDate>   </expectedAcquisitionEndDate>
         <generalRetentionPolicy>0</generalRetentionPolicy>
         <specificRetentionPolicy>
             <policyType> </policyType>
             <numberOfUnits>21</numberOfUnits>
             <unitType>m</unitType>
         </specificRetentionPolicy>
         <completeness>0</completeness>
         <copiesReported>50</copiesReported>
         <lendingPolicy>a</lendingPolicy>
         <reproductionPolicy>a</reproductionPolicy>
         <separateOrCompositeReport>0</separateOrCompositeReport>
         <extension>
         </extension>
    </holdings>
    <item>
        <itemIdentifier>100000-2-1</itemIdentifier>
        <accessInformation>
            <barcode>30000067082648  </barcode>
        </accessInformation>
        <itemType/>
        <location>
            <locationStatus>Permanent</locationStatus>
            <shelvingScheme> </shelvingScheme>
            <shelvingOrder> </shelvingOrder>
            <classificationPart>PR6052.O5 W92</classificationPart>
            <classificationSort/>
            <classificationView/>
            <nonPublicNote>nonPublicNote0</nonPublicNote>
            <publicNote>publicNote0</publicNote>
        </location>
        <extension>
        </extension>
    </item>
  </instance>
</instanceCollection>
                ]]>
                    </content>
                    <additionalAttributes></additionalAttributes>
                    <linkedIngestDocuments></linkedIngestDocuments>
                </linkedIngestDocument>
            </linkedIngestDocuments>
        </ingestDocument>
        <ingestDocument id="3" category="work" type="bibliographic" format="marc">
            <content><![CDATA[<collection xmlns="http://www.loc.gov/MARC21/slim">
                    <record>
                        <leader>01142cam 2200301 a 4500</leader>
                        <controlfield tag="001">92005291</controlfield>
                        <controlfield tag="003">DLC</controlfield>
                        <controlfield tag="005">19930521155141.9</controlfield>
                        <controlfield tag="008">920219s1993 caua j 000 0 eng</controlfield>
                        <datafield tag="010" ind1=" " ind2=" ">
                            <subfield code="a">92005291</subfield>
                        </datafield>
                        <datafield tag="020" ind1=" " ind2=" ">
                            <subfield code="a">0152038655 :</subfield>
                            <subfield code="c">$15.95</subfield>
                        </datafield>
                        <datafield tag="040" ind1=" " ind2=" ">
                            <subfield code="a">DLC</subfield>
                            <subfield code="c">DLC</subfield>
                            <subfield code="d">DLC</subfield>
                        </datafield>
                        <datafield tag="042" ind1=" " ind2=" ">
                            <subfield code="a">lcac</subfield>
                        </datafield>
                        <datafield tag="050" ind1="0" ind2="0">
                            <subfield code="a">PS3537.A618</subfield>
                            <subfield code="b">A88 1993</subfield>
                        </datafield>
                        <datafield tag="082" ind1="0" ind2="0">
                            <subfield code="a">811/.52</subfield>
                            <subfield code="2">20</subfield>
                        </datafield>
                        <datafield tag="100" ind1="1" ind2=" ">
                            <subfield code="a">Sandburg, Carl,</subfield>
                            <subfield code="d">1878-1967.</subfield>
                        </datafield>
                        <datafield tag="245" ind1="1" ind2="0">
                            <subfield code="a">Arithmetic /</subfield>
                            <subfield code="c">
                                Carl Sandburg ; illustrated as an anamorphic adventure by Ted Rand.
                            </subfield>
                        </datafield>
                        <datafield tag="250" ind1=" " ind2=" ">
                            <subfield code="a">1st ed.</subfield>
                        </datafield>
                        <datafield tag="260" ind1=" " ind2=" ">
                            <subfield code="a">San Diego :</subfield>
                            <subfield code="b">Harcourt Brace Jovanovich,</subfield>
                            <subfield code="c">c1993.</subfield>
                        </datafield>
                        <datafield tag="300" ind1=" " ind2=" ">
                            <subfield code="a">1 v. (unpaged) :</subfield>
                            <subfield code="b">ill. (some col.) ;</subfield>
                            <subfield code="c">26 cm.</subfield>
                        </datafield>
                        <datafield tag="500" ind1=" " ind2=" ">
                            <subfield code="a">One Mylar sheet included in pocket.</subfield>
                        </datafield>
                        <datafield tag="520" ind1=" " ind2=" ">
                            <subfield code="a">
                                A poem about numbers and their characteristics. Features anamorphic, or distorted,
                                drawings which can be
                                restored to normal by viewing from a particular angle or by viewing the image's
                                reflection in the
                                provided Mylar cone.
                            </subfield>
                        </datafield>
                        <datafield tag="650" ind1=" " ind2="0">
                            <subfield code="a">Arithmetic</subfield>
                            <subfield code="x">Juvenile poetry.</subfield>
                        </datafield>
                        <datafield tag="650" ind1=" " ind2="0">
                            <subfield code="a">Children's poetry, American.</subfield>
                        </datafield>
                        <datafield tag="650" ind1=" " ind2="1">
                            <subfield code="a">Arithmetic</subfield>
                            <subfield code="x">Poetry.</subfield>
                        </datafield>
                        <datafield tag="650" ind1=" " ind2="1">
                            <subfield code="a">American poetry.</subfield>
                        </datafield>
                        <datafield tag="650" ind1=" " ind2="1">
                            <subfield code="a">Visual perception.</subfield>
                        </datafield>
                        <datafield tag="700" ind1="1" ind2=" ">
                            <subfield code="a">Rand, Ted,</subfield>
                            <subfield code="e">ill.</subfield>
                        </datafield>
                    </record>
                </collection>]]>
            </content>
            <!--optional-->
            <additionalAttributes>
                <dateEntered>12-12-2-2010</dateEntered>
                <dateLastUpdated>12-11-2011</dateLastUpdated>
                <fastAddFlag>true</fastAddFlag>
                <supressFromPublic>false</supressFromPublic>
            </additionalAttributes>
            <linkedIngestDocuments>
                <linkedIngestDocument id="4" category="work" type="instance" format="oleml">
                    <content><![CDATA[
<instanceCollection xmlns:i="http://ole.kuali.org/standards/ole-instance">
  <instance>
    <instanceIdentifier>1000003</instanceIdentifier>
    <resourceIdentifier/>
    <formerResourceIdentifiers source="Sirsi">(Sirsi) a1000003</formerResourceIdentifiers>
    <holdings>
         <holdingsIdentifier/>
         <formerIdentifiers>
             <identifier>1000003-2</identifier>
             <identifierType>IUHoldings</identifierType>
         </formerIdentifiers>
         <recordType>y</recordType>
         <encodingLevel>u</encodingLevel>
         <receiptStatus>2</receiptStatus>
         <acquisitionMethod>c</acquisitionMethod>
         <expectedAcquisitionEndDate>   </expectedAcquisitionEndDate>
         <generalRetentionPolicy>0</generalRetentionPolicy>
         <specificRetentionPolicy>
             <policyType> </policyType>
             <numberOfUnits>21</numberOfUnits>
             <unitType>m</unitType>
         </specificRetentionPolicy>
         <completeness>0</completeness>
         <copiesReported>50</copiesReported>
         <lendingPolicy>a</lendingPolicy>
         <reproductionPolicy>a</reproductionPolicy>
         <separateOrCompositeReport>0</separateOrCompositeReport>
         <extension>
         </extension>
    </holdings>
    <item>
        <itemIdentifier>1000003-2-1</itemIdentifier>
        <accessInformation>
            <barcode>30000057478723  </barcode>
        </accessInformation>
        <itemType/>
        <location>
            <locationStatus>Permanent</locationStatus>
            <shelvingScheme> </shelvingScheme>
            <shelvingOrder> </shelvingOrder>
            <classificationPart>TN872.A7 G73 1978</classificationPart>
            <classificationSort/>
            <classificationView/>
            <nonPublicNote>nonPublicNote0</nonPublicNote>
            <publicNote>publicNote0</publicNote>
        </location>
        <extension>
        </extension>
    </item>
  </instance>
</instanceCollection>
                ]]>
                    </content>
                    <additionalAttributes></additionalAttributes>
                    <linkedIngestDocuments></linkedIngestDocuments>
                </linkedIngestDocument>
            </linkedIngestDocuments>
        </ingestDocument>
    </requestDocuments>
</request>